<?xml version="1.0" encoding="UTF-8"?><collection xmlns="http://www.loc.gov/MARC21/slim"><record><leader>00342nam--2200121-i-4500</leader><controlfield tag="001">000033878</controlfield><controlfield tag="002">20161230</controlfield><controlfield tag="005">20161230201039</controlfield><controlfield tag="008">060222s1000------------r-----000-0-eng-d</controlfield><datafield ind1=" " ind2=" " tag="100"><subfield code="a">Meltzer, L.W., Schumilowski, N.N</subfield></datafield><datafield ind1=" " ind2=" " tag="245"><subfield code="a">Radioaktive strahlen bei der automatischen kontrolle</subfield></datafield><datafield ind1=" " ind2=" " tag="260"><subfield code="a">Berlin, Veb Verlag Technik, 1960. 83p</subfield></datafield><datafield ind1=" " ind2=" " tag="852"><subfield code="a">7567</subfield></datafield></record></collection>